<?xml version="1.0" encoding="UTF-8"?><collection><record><leader>02483ntm a2200385 a 4500</leader><controlfield tag="001">002594327</controlfield><controlfield tag="003">MiAaHDL</controlfield><controlfield tag="005">20190719000000.0</controlfield><controlfield tag="006">m        d        </controlfield><controlfield tag="007">cr bn ---auaua</controlfield><controlfield tag="008">930210s1716    xx            00| | ara d</controlfield><datafield tag="035" ind1=" " ind2=" "><subfield code="a">(MiU)002594327</subfield></datafield><datafield tag="035" ind1=" " ind2=" "><subfield code="a">sdr-miu002594327</subfield></datafield><datafield tag="035" ind1=" " ind2=" "><subfield code="a">(OCoLC)34365741</subfield></datafield><datafield tag="035" ind1=" " ind2=" "><subfield code="a">(RLIN)MIUH93-A16</subfield></datafield><datafield tag="040" ind1=" " ind2=" "><subfield code="a">MiU</subfield><subfield code="c">MiU</subfield><subfield code="d">MiU</subfield></datafield><datafield tag="100" ind1="1" ind2=" "><subfield code="6">880-01</subfield><subfield code="a">Sālinī, Yūsuf.</subfield></datafield><datafield tag="245" ind1="1" ind2="0"><subfield code="6">880-02</subfield><subfield code="a">Īḍāḥ al-ashkāl al-iʻtidālīyah fī rasm al-sāʻāt ʻalá al-asṭiḥah al-mustawīyah :</subfield><subfield code="k">manuscript,</subfield><subfield code="f">[1716].</subfield></datafield><datafield tag="300" ind1=" " ind2=" "><subfield code="a">1</subfield><subfield code="f">v. ([346] p.) :</subfield><subfield code="b">ill. ;</subfield><subfield code="c">23 cm.</subfield></datafield><datafield tag="500" ind1=" " ind2=" "><subfield code="a">Watermarks: Three crescents; Andrea Galvani of Pordenone; initials FA in orman; three face-in-the-moons. For the first two see Edward Heawood, Watermarks, Mainly of the 17th and 18th Centuries (Hilversum, 1950), pp. 24 and 36 and no. 860.</subfield></datafield><datafield tag="500" ind1=" " ind2=" "><subfield code="a">Contains tables and sundial diagrams.</subfield></datafield><datafield tag="500" ind1=" " ind2=" "><subfield code="a">Text and tables rubricated; marginal notes and corrections in hand of copyist and others (?); kurrāsahs numbered; foliation added in European arabic numerals in pencil.</subfield></datafield><datafield tag="500" ind1=" " ind2=" "><subfield code="a">Date in colophon: qāla muʼallifuhu kāna al-farāgh min taʼlīf hādhā al-kitāb fī shahr Rajab min shuhūr sanat 1128 thamāniyah wa-ʻishrīn wa-miʼah wa-alf [June-July 1716] wa-kānat muddat taḥṣīl mā qaṣadtuhu fī hādhā al-kitāb ʻashar sanawāt wa-kusūr....</subfield></datafield><datafield tag="520" ind1=" " ind2=" "><subfield code="a">An extensive treatise on the theory and making of sundials; perhaps in the hand of its author?</subfield></datafield><datafield tag="538" ind1=" " ind2=" "><subfield code="a">Mode of access: Internet.</subfield></datafield><datafield tag="541" ind1=" " ind2=" "><subfield code="d">07/--/36</subfield><subfield code="3">Manuscript</subfield><subfield code="a">McGregor Fund</subfield><subfield code="c">Purchase, 1933/34</subfield><subfield code="h">250 p.t.</subfield></datafield><datafield tag="561" ind1=" " ind2=" "><subfield code="a">Purchased in Cairo, 1933/34. Owner's mark: on p. [1], manuscript note in handwriting of Max Meyerhof: "Gekauft 1932 von Ibn Yusuf für P.T. 250"; inside cover, bookplate of Max Meyerhof.</subfield></datafield><datafield tag="650" ind1=" " ind2="0"><subfield code="a">Astronomical instruments</subfield><subfield code="v">Early works to 1800.</subfield></datafield><datafield tag="650" ind1=" " ind2="0"><subfield code="a">Sundials</subfield><subfield code="v">Early works to 1800.</subfield></datafield><datafield tag="650" ind1=" " ind2="0"><subfield code="a">Astronomy, Arab</subfield><subfield code="v">Early works to 1800.</subfield></datafield><datafield tag="650" ind1=" " ind2="0"><subfield code="a">Manuscripts, Arabic</subfield><subfield code="z">Michigan</subfield><subfield code="z">Ann Arbor.</subfield></datafield><datafield tag="700" ind1="1" ind2=" "><subfield code="a">Meyerhof, Max,</subfield><subfield code="d">1874-1945,</subfield><subfield code="e">former owner.</subfield></datafield><datafield tag="773" ind1="0" ind2=" "><subfield code="7">unbc</subfield><subfield code="a">Tracy W. McGregor Collection of Arabic, Persian, and Turkish Mathematical and Astronomical Manuscripts.</subfield><subfield code="w">(CStRLIN)MIUH92-A20.</subfield></datafield><datafield tag="880" ind1="1" ind2="0"><subfield code="6">245-02/</subfield><subfield code="a">إيضاح الأشكال الاعتدالية في رسم الساعات على الاسطحة المستوية :</subfield><subfield code="k">manuscript،</subfield><subfield code="f">[1716].</subfield></datafield><datafield tag="880" ind1="1" ind2=" "><subfield code="6">100-01/</subfield><subfield code="a">يوسف السالني.</subfield></datafield><datafield tag="CID" ind1=" " ind2=" "><subfield code="a">002594327</subfield></datafield><datafield tag="DAT" ind1="0" ind2=" "><subfield code="a">20190719102632.0</subfield><subfield code="b">20190719000000.0</subfield></datafield><datafield tag="DAT" ind1="1" ind2=" "><subfield code="a">20190719090653.0</subfield><subfield code="b">2019-07-19T16:10:37Z</subfield></datafield><datafield tag="DAT" ind1="2" ind2=" "><subfield code="a">2015-10-02T18:00:03Z</subfield></datafield><datafield tag="CAT" ind1=" " ind2=" "><subfield code="a">SDR-MIU</subfield><subfield code="d">EX LIBRIS - ALEPH</subfield><subfield code="l">prepare.pl-004-008</subfield></datafield><datafield tag="FMT" ind1=" " ind2=" "><subfield code="a">BK</subfield></datafield><datafield tag="HOL" ind1=" " ind2=" "><subfield code="0">sdr-miu002594327</subfield><subfield code="a">MiU</subfield><subfield code="b">SDR</subfield><subfield code="c">MIU</subfield><subfield code="p">mdp.39015081447289</subfield><subfield code="s">MIU</subfield><subfield code="1">002594327</subfield></datafield><datafield tag="974" ind1=" " ind2=" "><subfield code="b">MIU</subfield><subfield code="c">MIU</subfield><subfield code="d">20190719</subfield><subfield code="s">lit-dlps-dc</subfield><subfield code="u">mdp.39015081447289</subfield><subfield code="y">1716</subfield><subfield code="r">pd</subfield><subfield code="q">bib</subfield><subfield code="t">non-US bib date1 &lt; 1879</subfield></datafield></record></collection>